<?xml version="1.0" encoding="UTF-8"?><record xmlns="http://www.loc.gov/MARC21/slim" xmlns:cinclude="http://apache.org/cocoon/include/1.0" xmlns:zs="http://www.loc.gov/zing/srw/">
  <leader>01102cz  a2200229n  4500</leader>
  <controlfield tag="001">n  42010324 </controlfield>
  <controlfield tag="003">DLC</controlfield>
  <controlfield tag="005">19931009133436.4</controlfield>
  <controlfield tag="008">830304n| acaacaaa|          |a ana |||  </controlfield>
  <datafield tag="010" ind1=" " ind2=" ">
    <subfield code="a">n  42010324 </subfield>
  </datafield>
  <datafield tag="040" ind1=" " ind2=" ">
    <subfield code="a">DLC</subfield>
    <subfield code="c">DLC</subfield>
    <subfield code="d">DLC</subfield>
  </datafield>
  <datafield tag="130" ind1=" " ind2="0">
    <subfield code="a">Edice informací Hudebního odboru Divadelního ústavu</subfield>
  </datafield>
  <datafield tag="410" ind1="2" ind2="0">
    <subfield code="a">Divadelní ústav (Prague, Czech Republic).</subfield>
    <subfield code="b">Hudební odbor.</subfield>
    <subfield code="t">Edice informací Hudebního odboru Divadelního ústavu</subfield>
  </datafield>
  <datafield tag="530" ind1=" " ind2="0">
    <subfield code="a">Edice informací Hudebního oddělení Divadelního ústavu</subfield>
  </datafield>
  <datafield tag="642" ind1=" " ind2=" ">
    <subfield code="a">sv. 4</subfield>
    <subfield code="5">DLC</subfield>
  </datafield>
  <datafield tag="643" ind1=" " ind2=" ">
    <subfield code="a">Praha</subfield>
    <subfield code="b">Hudební odbor Divadelního ústavu</subfield>
  </datafield>
  <datafield tag="644" ind1=" " ind2=" ">
    <subfield code="a">f</subfield>
    <subfield code="5">DLC</subfield>
  </datafield>
  <datafield tag="645" ind1=" " ind2=" ">
    <subfield code="a">t</subfield>
    <subfield code="5">DLC</subfield>
  </datafield>
  <datafield tag="646" ind1=" " ind2=" ">
    <subfield code="a">s</subfield>
    <subfield code="5">DLC</subfield>
  </datafield>
  <datafield tag="670" ind1=" " ind2=" ">
    <subfield code="a">Berkovec, Jiří. Skladatelé Německé demokratické republiky, 1980.</subfield>
  </datafield>
  <datafield tag="670" ind1=" " ind2=" ">
    <subfield code="a">Česká tvorba pro smyčcová kvarteta po roce 1945, 1990:</subfield>
    <subfield code="b">t.p. (Edice informací Hudebního odboru Divadelního ústavu [unnumbered])</subfield>
  </datafield>
  <datafield tag="675" ind1=" " ind2=" ">
    <subfield code="a">Přehled úmrtí osob české a slovenské hudební kultury, v letech 1965-1982, 1983:</subfield>
    <subfield code="a">t.p. (Edice informací Hudebního oddělení Divadelního ústavu)</subfield>
  </datafield>
</record>